@ARTICLE{Watts:2022,
       author = {{Watts}, D.~J. and {Galloway}, M. and {Ihle}, H.~T. and {Andersen}, K.~J. and {Aurlien}, R. and {Banerji}, R. and {Basyrov}, A. and {Bersanelli}, M. and {Bertocco}, S. and {Brilenkov}, M. and {Carbone}, M. and {Colombo}, L.~P.~L. and {Eriksen}, H.~K. and {Eskilt}, J.~R. and {Foss}, M.~K. and {Franceschet}, C. and {Fuskeland}, U. and {Galeotta}, S. and {Gerakakis}, S. and {Gjerl{\o}w}, E. and {Hensley}, B. and {Herman}, D. and {Iacobellis}, M. and {Ieronymaki}, M. and {Jewell}, J.~B. and {Karakci}, A. and {Keih{\"a}nen}, E. and {Keskitalo}, R. and {Lunde}, J.~G.~S. and {Maggio}, G. and {Maino}, D. and {Maris}, M. and {Paradiso}, S. and {Partridge}, B. and {Reinecke}, M. and {San}, M. and {Stutzer}, N.~O. and {Suur-Uski}, A. -S. and {Svalheim}, T.~L. and {Tavagnacco}, D. and {Thommesen}, H. and {Wehus}, I.~K. and {Zacchei}, A.},
        title = "{From BeyondPlanck to Cosmoglobe: Preliminary WMAP Q-band analysis}",
      journal = {arXiv e-prints},
     keywords = {Astrophysics - Cosmology and Nongalactic Astrophysics},
         year = 2022,
        month = feb,
          eid = {arXiv:2202.11979},
        pages = {arXiv:2202.11979},
archivePrefix = {arXiv},
       eprint = {2202.11979},
 primaryClass = {astro-ph.CO},
       adsurl = {https://ui.adsabs.harvard.edu/abs/2022arXiv220211979W},
      adsnote = {Provided by the SAO/NASA Astrophysics Data System}
}

@ARTICLE{Hensley:2021,
       author = {{Hensley}, Brandon S. and {Clark}, Susan E. and {Fanfani}, Valentina and {Krachmalnicoff}, Nicoletta and {Fabbian}, Giulio and {Poletti}, Davide and {Puglisi}, Giuseppe and {Coppi}, Gabriele and {Nibauer}, Jacob and {Gerasimov}, Roman and {Galitzki}, Nicholas and {Choi}, Steve K. and {Ashton}, Peter C. and {Baccigalupi}, Carlo and {Baxter}, Eric and {Burkhart}, Blakesley and {Calabrese}, Erminia and {Chluba}, Jens and {Errard}, Josquin and {Frolov}, Andrei V. and {Herv{\'\i}as-Caimapo}, Carlos and {Huffenberger}, Kevin M. and {Johnson}, Bradley R. and {Jost}, Baptiste and {Keating}, Brian and {McCarrick}, Heather and {Nati}, Federico and {Sathyanarayana Rao}, Mayuri and {van Engelen}, Alexander and {Walker}, Samantha and {Wolz}, Kevin and {Xu}, Zhilei and {Zhu}, Ningfeng and {Zonca}, Andrea},
        title = "{The Simons Observatory: Galactic Science Goals and Forecasts}",
      journal = {arXiv e-prints},
     keywords = {Astrophysics - Astrophysics of Galaxies, Astrophysics - Cosmology and Nongalactic Astrophysics},
         year = 2021,
        month = nov,
          eid = {arXiv:2111.02425},
        pages = {arXiv:2111.02425},
archivePrefix = {arXiv},
       eprint = {2111.02425},
 primaryClass = {astro-ph.GA},
       adsurl = {https://ui.adsabs.harvard.edu/abs/2021arXiv211102425H},
      adsnote = {Provided by the SAO/NASA Astrophysics Data System}
}

@ARTICLE{Kim:2019,
       author = {{Kim}, Chang-Goo and {Choi}, Steve K. and {Flauger}, Raphael},
        title = "{Dust Polarization Maps from TIGRESS: E/B Power Asymmetry and TE Correlation}",
      journal = {\apj},
     keywords = {Computational methods, Interstellar dust, Interstellar magnetic fields, Interstellar medium, Magnetohydrodynamical simulations, Polarimetry, Astrophysics - Astrophysics of Galaxies, Astrophysics - Cosmology and Nongalactic Astrophysics},
         year = 2019,
        month = aug,
       volume = {880},
       number = {2},
          eid = {106},
        pages = {106},
          doi = {10.3847/1538-4357/ab29f2},
archivePrefix = {arXiv},
       eprint = {1901.07079},
 primaryClass = {astro-ph.GA},
       adsurl = {https://ui.adsabs.harvard.edu/abs/2019ApJ...880..106K},
      adsnote = {Provided by the SAO/NASA Astrophysics Data System}
}

@ARTICLE{mivilledeschenes:2008,
       author = {{Miville-Desch{\^e}nes}, M. -A. and {Ysard}, N. and {Lavabre}, A. and {Ponthieu}, N. and {Mac{\'\i}as-P{\'e}rez}, J.~F. and {Aumont}, J. and {Bernard}, J.~P.},
        title = "{Separation of anomalous and synchrotron emissions using WMAP polarization data}",
      journal = {\aap},
     keywords = {ISM: magnetic fields, radio continuum: ISM, turbulence, polarization, dust, extinction, Astrophysics},
         year = 2008,
        month = nov,
       volume = {490},
       number = {3},
        pages = {1093-1102},
          doi = {10.1051/0004-6361:200809484},
archivePrefix = {arXiv},
       eprint = {0802.3345},
 primaryClass = {astro-ph},
       adsurl = {https://ui.adsabs.harvard.edu/abs/2008A&A...490.1093M},
      adsnote = {Provided by the SAO/NASA Astrophysics Data System}
}


@ARTICLE{Remazeilles:2014,
       author = {{Remazeilles}, M. and {Dickinson}, C. and {Banday}, A.~J. and {Bigot-Sazy}, M. -A. and {Ghosh}, T.},
        title = "{An improved source-subtracted and destriped 408-MHz all-sky map}",
      journal = {\mnras},
     keywords = {methods: data analysis, techniques: image processing, diffuse radiation, radio continuum: general, Astrophysics - Instrumentation and Methods for Astrophysics, Astrophysics - Cosmology and Nongalactic Astrophysics, Astrophysics - Astrophysics of Galaxies},
         year = 2015,
        month = aug,
       volume = {451},
       number = {4},
        pages = {4311-4327},
          doi = {10.1093/mnras/stv1274},
archivePrefix = {arXiv},
       eprint = {1411.3628},
 primaryClass = {astro-ph.IM},
       adsurl = {https://ui.adsabs.harvard.edu/abs/2015MNRAS.451.4311R},
      adsnote = {Provided by the SAO/NASA Astrophysics Data System}
}


@article{mivilledeschene:2016,
	author = {{Miville-Desch\^enes, M.-A.} and {Duc, P.-A.} and {Marleau, F.} and {Cuillandre, J.-C.} and {Didelon, P.} and {Gwyn, S.} and {Karabal, E.}},
	title = {Probing interstellar turbulence in cirrus with deep optical
          imaging: no sign of energy dissipation at 0.01 pc scale},
	DOI= "10.1051/0004-6361/201628503",
	url= "https://doi.org/10.1051/0004-6361/201628503",
	journal = {A\&A},
	year = 2016,
	volume = 593,
	pages = "A4",
}


@ARTICLE{Zonca:2021,
       author = {{Zonca}, Andrea and {Thorne}, Ben and {Krachmalnicoff}, Nicoletta and {Borrill}, Julian},
        title = "{The Python Sky Model 3 software}",
      journal = {The Journal of Open Source Software},
     keywords = {python, Python, astronomy, cosmology, Astrophysics - Instrumentation and Methods for Astrophysics, Astrophysics - Cosmology and Nongalactic Astrophysics},
         year = 2021,
        month = nov,
       volume = {6},
       number = {67},
          eid = {3783},
        pages = {3783},
          doi = {10.21105/joss.03783},
archivePrefix = {arXiv},
       eprint = {2108.01444},
 primaryClass = {astro-ph.IM},
       adsurl = {https://ui.adsabs.harvard.edu/abs/2021JOSS....6.3783Z},
      adsnote = {Provided by the SAO/NASA Astrophysics Data System}
}

@ARTICLE{Ade:2021,
       author = {{Ade}, P.~A.~R. and {Ahmed}, Z. and {Amiri}, M. and {Barkats}, D. and {Thakur}, R. Basu and {Bischoff}, C.~A. and {Beck}, D. and {Bock}, J.~J. and {Boenish}, H. and {Bullock}, E. and {Buza}, V. and {Cheshire}, J.~R. and {Connors}, J. and {Cornelison}, J. and {Crumrine}, M. and {Cukierman}, A. and {Denison}, E.~V. and {Dierickx}, M. and {Duband}, L. and {Eiben}, M. and {Fatigoni}, S. and {Filippini}, J.~P. and {Fliescher}, S. and {Goeckner-Wald}, N. and {Goldfinger}, D.~C. and {Grayson}, J. and {Grimes}, P. and {Hall}, G. and {Halal}, G. and {Halpern}, M. and {Hand}, E. and {Harrison}, S. and {Henderson}, S. and {Hildebrandt}, S.~R. and {Hilton}, G.~C. and {Hubmayr}, J. and {Hui}, H. and {Irwin}, K.~D. and {Kang}, J. and {Karkare}, K.~S. and {Karpel}, E. and {Kefeli}, S. and {Kernasovskiy}, S.~A. and {Kovac}, J.~M. and {Kuo}, C.~L. and {Lau}, K. and {Leitch}, E.~M. and {Lennox}, A. and {Megerian}, K.~G. and {Minutolo}, L. and {Moncelsi}, L. and {Nakato}, Y. and {Namikawa}, T. and {Nguyen}, H.~T. and {O'Brient}, R. and {Ogburn}, R.~W. and {Palladino}, S. and {Prouve}, T. and {Pryke}, C. and {Racine}, B. and {Reintsema}, C.~D. and {Richter}, S. and {Schillaci}, A. and {Schwarz}, R. and {Schmitt}, B.~L. and {Sheehy}, C.~D. and {Soliman}, A. and {Germaine}, T. St. and {Steinbach}, B. and {Sudiwala}, R.~V. and {Teply}, G.~P. and {Thompson}, K.~L. and {Tolan}, J.~E. and {Tucker}, C. and {Turner}, A.~D. and {Umilt{\`a}}, C. and {Verg{\`e}s}, C. and {Vieregg}, A.~G. and {Wandui}, A. and {Weber}, A.~C. and {Wiebe}, D.~V. and {Willmert}, J. and {Wong}, C.~L. and {Wu}, W.~L.~K. and {Yang}, H. and {Yoon}, K.~W. and {Young}, E. and {Yu}, C. and {Zeng}, L. and {Zhang}, C. and {Zhang}, S. and {Bicep/Keck Collaboration}},
        title = "{Improved Constraints on Primordial Gravitational Waves using Planck, WMAP, and BICEP/Keck Observations through the 2018 Observing Season}",
      journal = {\prl},
     keywords = {Astrophysics - Cosmology and Nongalactic Astrophysics},
         year = 2021,
        month = oct,
       volume = {127},
       number = {15},
          eid = {151301},
        pages = {151301},
          doi = {10.1103/PhysRevLett.127.151301},
archivePrefix = {arXiv},
       eprint = {2110.00483},
 primaryClass = {astro-ph.CO},
       adsurl = {https://ui.adsabs.harvard.edu/abs/2021PhRvL.127o1301A},
      adsnote = {Provided by the SAO/NASA Astrophysics Data System}
}

@ARTICLE{CCAT-Primecollaboration:2021,
       author = {{CCAT-Prime collaboration} and {Aravena}, M. and {Austermann}, J.~E. and {Basu}, K. and {Battaglia}, N. and {Beringue}, B. and {Bertoldi}, F. and {Bigiel}, F. and {Bond}, J.~R. and {Breysse}, P.~C. and {Broughton}, C. and {Bustos}, R. and {Chapman}, S.~C. and {Charmetant}, M. and {Choi}, S.~K. and {Chung}, D.~T. and {Clark}, S.~E. and {Cothard}, N.~F. and {Crites}, A.~T. and {Dev}, A. and {Douglas}, K. and {Duell}, C.~J. and {Ebina}, H. and {Erler}, J. and {Fich}, M. and {Fissel}, L.~M. and {Foreman}, S. and {Gao}, J. and {Garc{\'\i}a}, Pablo and {Giovanelli}, R. and {Haynes}, M.~P. and {Hensley}, B. and {Herter}, T. and {Higgins}, R. and {Huber}, Z. and {Hubmayr}, J. and {Johnstone}, D. and {Karoumpis}, C. and {Keating}, Laura C. and {Komatsu}, E. and {Li}, Y. and {Magnelli}, Benjamin and {Matthews}, B.~C. and {Meerburg}, P.~D. and {Meyers}, J. and {Muralidhara}, V. and {Murray}, N.~W. and {Niemack}, M.~D. and {Nikola}, T. and {Okada}, Y. and {Riechers}, D.~A. and {Rosolowsky}, E. and {Roy}, A. and {Sadavoy}, S.~I. and {Schaaf}, R. and {Schilke}, P. and {Scott}, D. and {Simon}, R. and {Sinclair}, Adrian K. and {Sivakoff}, G.~R. and {Stacey}, G.~J. and {Stutz}, Amelia M. and {Stutzki}, J. and {Tahani}, M. and {Thanjavur}, K. and {Timmermann}, R.~A. and {Ullom}, J.~N. and {van Engelen}, A. and {Vavagiakis}, E.~M. and {Vissers}, M.~R. and {Wheeler}, J.~D. and {White}, S.~D.~M. and {Zhu}, Y. and {Zou}, B.},
        title = "{CCAT-prime Collaboration: Science Goals and Forecasts with Prime-Cam on the Fred Young Submillimeter Telescope}",
      journal = {arXiv e-prints},
     keywords = {Astrophysics - Cosmology and Nongalactic Astrophysics, Astrophysics - Instrumentation and Methods for Astrophysics},
         year = 2021,
        month = jul,
          eid = {arXiv:2107.10364},
        pages = {arXiv:2107.10364},
archivePrefix = {arXiv},
       eprint = {2107.10364},
 primaryClass = {astro-ph.CO},
       adsurl = {https://ui.adsabs.harvard.edu/abs/2021arXiv210710364C},
      adsnote = {Provided by the SAO/NASA Astrophysics Data System}
}

@ARTICLE{Pelgrims:2021,
       author = {{Pelgrims}, V. and {Clark}, S.~E. and {Hensley}, B.~S. and {Panopoulou}, G.~V. and {Pavlidou}, V. and {Tassis}, K. and {Eriksen}, H.~K. and {Wehus}, I.~K.},
        title = "{Evidence for line-of-sight frequency decorrelation of polarized dust emission in Planck data}",
      journal = {\aap},
     keywords = {dust, extinction, ISM: magnetic fields, submillimeter: ISM, cosmic background radiation, inflation, polarization, Astrophysics - Cosmology and Nongalactic Astrophysics, Astrophysics - Astrophysics of Galaxies},
         year = 2021,
        month = mar,
       volume = {647},
          eid = {A16},
        pages = {A16},
          doi = {10.1051/0004-6361/202040218},
archivePrefix = {arXiv},
       eprint = {2101.09291},
 primaryClass = {astro-ph.CO},
       adsurl = {https://ui.adsabs.harvard.edu/abs/2021A&A...647A..16P},
      adsnote = {Provided by the SAO/NASA Astrophysics Data System}
}

@ARTICLE{Alonso:2019,
       author = {{Alonso}, David and {Sanchez}, Javier and {Slosar}, An{\v{z}}e and {LSST Dark Energy Science Collaboration}},
        title = "{A unified pseudo-C$_{{\ensuremath{\ell}}}$ framework}",
      journal = {\mnras},
     keywords = {methods: data analysis, methods: numerical, Astrophysics - Cosmology and Nongalactic Astrophysics},
         year = 2019,
        month = apr,
       volume = {484},
       number = {3},
        pages = {4127-4151},
          doi = {10.1093/mnras/stz093},
archivePrefix = {arXiv},
       eprint = {1809.09603},
 primaryClass = {astro-ph.CO},
       adsurl = {https://ui.adsabs.harvard.edu/abs/2019MNRAS.484.4127A},
      adsnote = {Provided by the SAO/NASA Astrophysics Data System}
}

@ARTICLE{Krachmalnicoff:2018,
       author = {{Krachmalnicoff}, N. and {Carretti}, E. and {Baccigalupi}, C. and {Bernardi}, G. and {Brown}, S. and {Gaensler}, B.~M. and {Haverkorn}, M. and {Kesteven}, M. and {Perrotta}, F. and {Poppi}, S. and {Staveley-Smith}, L.},
        title = "{S-PASS view of polarized Galactic synchrotron at 2.3 GHz as a contaminant to CMB observations}",
      journal = {\aap},
     keywords = {polarization, methods: data analysis, Galaxy: general, cosmic background radiation, diffuse radiation, radio continuum: ISM, Astrophysics - Astrophysics of Galaxies, Astrophysics - Cosmology and Nongalactic Astrophysics, Astrophysics - Instrumentation and Methods for Astrophysics},
         year = 2018,
        month = oct,
       volume = {618},
          eid = {A166},
        pages = {A166},
          doi = {10.1051/0004-6361/201832768},
archivePrefix = {arXiv},
       eprint = {1802.01145},
 primaryClass = {astro-ph.GA},
       adsurl = {https://ui.adsabs.harvard.edu/abs/2018A&A...618A.166K},
      adsnote = {Provided by the SAO/NASA Astrophysics Data System}
}

@ARTICLE{AstropyCollaboration:2018,
       author = {{Astropy Collaboration} and {Price-Whelan}, A.~M. and {Sip{\H{o}}cz}, B.~M. and {G{\"u}nther}, H.~M. and {Lim}, P.~L. and {Crawford}, S.~M. and {Conseil}, S. and {Shupe}, D.~L. and {Craig}, M.~W. and {Dencheva}, N. and {Ginsburg}, A. and {VanderPlas}, J.~T. and {Bradley}, L.~D. and {P{\'e}rez-Su{\'a}rez}, D. and {de Val-Borro}, M. and {Aldcroft}, T.~L. and {Cruz}, K.~L. and {Robitaille}, T.~P. and {Tollerud}, E.~J. and {Ardelean}, C. and {Babej}, T. and {Bach}, Y.~P. and {Bachetti}, M. and {Bakanov}, A.~V. and {Bamford}, S.~P. and {Barentsen}, G. and {Barmby}, P. and {Baumbach}, A. and {Berry}, K.~L. and {Biscani}, F. and {Boquien}, M. and {Bostroem}, K.~A. and {Bouma}, L.~G. and {Brammer}, G.~B. and {Bray}, E.~M. and {Breytenbach}, H. and {Buddelmeijer}, H. and {Burke}, D.~J. and {Calderone}, G. and {Cano Rodr{\'\i}guez}, J.~L. and {Cara}, M. and {Cardoso}, J.~V.~M. and {Cheedella}, S. and {Copin}, Y. and {Corrales}, L. and {Crichton}, D. and {D'Avella}, D. and {Deil}, C. and {Depagne}, {\'E}. and {Dietrich}, J.~P. and {Donath}, A. and {Droettboom}, M. and {Earl}, N. and {Erben}, T. and {Fabbro}, S. and {Ferreira}, L.~A. and {Finethy}, T. and {Fox}, R.~T. and {Garrison}, L.~H. and {Gibbons}, S.~L.~J. and {Goldstein}, D.~A. and {Gommers}, R. and {Greco}, J.~P. and {Greenfield}, P. and {Groener}, A.~M. and {Grollier}, F. and {Hagen}, A. and {Hirst}, P. and {Homeier}, D. and {Horton}, A.~J. and {Hosseinzadeh}, G. and {Hu}, L. and {Hunkeler}, J.~S. and {Ivezi{\'c}}, {\v{Z}}. and {Jain}, A. and {Jenness}, T. and {Kanarek}, G. and {Kendrew}, S. and {Kern}, N.~S. and {Kerzendorf}, W.~E. and {Khvalko}, A. and {King}, J. and {Kirkby}, D. and {Kulkarni}, A.~M. and {Kumar}, A. and {Lee}, A. and {Lenz}, D. and {Littlefair}, S.~P. and {Ma}, Z. and {Macleod}, D.~M. and {Mastropietro}, M. and {McCully}, C. and {Montagnac}, S. and {Morris}, B.~M. and {Mueller}, M. and {Mumford}, S.~J. and {Muna}, D. and {Murphy}, N.~A. and {Nelson}, S. and {Nguyen}, G.~H. and {Ninan}, J.~P. and {N{\"o}the}, M. and {Ogaz}, S. and {Oh}, S. and {Parejko}, J.~K. and {Parley}, N. and {Pascual}, S. and {Patil}, R. and {Patil}, A.~A. and {Plunkett}, A.~L. and {Prochaska}, J.~X. and {Rastogi}, T. and {Reddy Janga}, V. and {Sabater}, J. and {Sakurikar}, P. and {Seifert}, M. and {Sherbert}, L.~E. and {Sherwood-Taylor}, H. and {Shih}, A.~Y. and {Sick}, J. and {Silbiger}, M.~T. and {Singanamalla}, S. and {Singer}, L.~P. and {Sladen}, P.~H. and {Sooley}, K.~A. and {Sornarajah}, S. and {Streicher}, O. and {Teuben}, P. and {Thomas}, S.~W. and {Tremblay}, G.~R. and {Turner}, J.~E.~H. and {Terr{\'o}n}, V. and {van Kerkwijk}, M.~H. and {de la Vega}, A. and {Watkins}, L.~L. and {Weaver}, B.~A. and {Whitmore}, J.~B. and {Woillez}, J. and {Zabalza}, V. and {Astropy Contributors}},
        title = "{The Astropy Project: Building an Open-science Project and Status of the v2.0 Core Package}",
      journal = {\aj},
     keywords = {methods: data analysis, methods: miscellaneous, methods: statistical, reference systems, Astrophysics - Instrumentation and Methods for Astrophysics},
         year = 2018,
        month = sep,
       volume = {156},
       number = {3},
          eid = {123},
        pages = {123},
          doi = {10.3847/1538-3881/aabc4f},
archivePrefix = {arXiv},
       eprint = {1801.02634},
 primaryClass = {astro-ph.IM},
       adsurl = {https://ui.adsabs.harvard.edu/abs/2018AJ....156..123A},
      adsnote = {Provided by the SAO/NASA Astrophysics Data System}
}

@ARTICLE{Martinez-Solaeche:2018,
       author = {{Mart{\'\i}nez-Solaeche}, Gin{\'e}s and {Karakci}, Ata and {Delabrouille}, Jacques},
        title = "{A 3D model of polarized dust emission in the Milky Way}",
      journal = {\mnras},
     keywords = {polarization, dust, extinction, cosmic background radiation, cosmology: observations, diffuse radiation, submillimetre: ISM, Astrophysics - Cosmology and Nongalactic Astrophysics},
         year = 2018,
        month = may,
       volume = {476},
       number = {1},
        pages = {1310-1330},
          doi = {10.1093/mnras/sty204},
archivePrefix = {arXiv},
       eprint = {1706.04162},
 primaryClass = {astro-ph.CO},
       adsurl = {https://ui.adsabs.harvard.edu/abs/2018MNRAS.476.1310M},
      adsnote = {Provided by the SAO/NASA Astrophysics Data System}
}

@ARTICLE{Thorne:2017,
       author = {{Thorne}, B. and {Dunkley}, J. and {Alonso}, D. and {N{\ae}ss}, S.},
        title = "{The Python Sky Model: software for simulating the Galactic microwave sky}",
      journal = {\mnras},
     keywords = {cosmic background radiation, cosmology: observations, Astrophysics - Cosmology and Nongalactic Astrophysics},
         year = 2017,
        month = aug,
       volume = {469},
       number = {3},
        pages = {2821-2833},
          doi = {10.1093/mnras/stx949},
archivePrefix = {arXiv},
       eprint = {1608.02841},
 primaryClass = {astro-ph.CO},
       adsurl = {https://ui.adsabs.harvard.edu/abs/2017MNRAS.469.2821T},
      adsnote = {Provided by the SAO/NASA Astrophysics Data System}
}

@ARTICLE{AstropyCollaboration:2013,
       author = {{Astropy Collaboration} and {Robitaille}, Thomas P. and {Tollerud}, Erik J. and {Greenfield}, Perry and {Droettboom}, Michael and {Bray}, Erik and {Aldcroft}, Tom and {Davis}, Matt and {Ginsburg}, Adam and {Price-Whelan}, Adrian M. and {Kerzendorf}, Wolfgang E. and {Conley}, Alexander and {Crighton}, Neil and {Barbary}, Kyle and {Muna}, Demitri and {Ferguson}, Henry and {Grollier}, Fr{\'e}d{\'e}ric and {Parikh}, Madhura M. and {Nair}, Prasanth H. and {Unther}, Hans M. and {Deil}, Christoph and {Woillez}, Julien and {Conseil}, Simon and {Kramer}, Roban and {Turner}, James E.~H. and {Singer}, Leo and {Fox}, Ryan and {Weaver}, Benjamin A. and {Zabalza}, Victor and {Edwards}, Zachary I. and {Azalee Bostroem}, K. and {Burke}, D.~J. and {Casey}, Andrew R. and {Crawford}, Steven M. and {Dencheva}, Nadia and {Ely}, Justin and {Jenness}, Tim and {Labrie}, Kathleen and {Lim}, Pey Lian and {Pierfederici}, Francesco and {Pontzen}, Andrew and {Ptak}, Andy and {Refsdal}, Brian and {Servillat}, Mathieu and {Streicher}, Ole},
        title = "{Astropy: A community Python package for astronomy}",
      journal = {\aap},
     keywords = {methods: data analysis, methods: miscellaneous, virtual observatory tools, Astrophysics - Instrumentation and Methods for Astrophysics},
         year = 2013,
        month = oct,
       volume = {558},
          eid = {A33},
        pages = {A33},
          doi = {10.1051/0004-6361/201322068},
archivePrefix = {arXiv},
       eprint = {1307.6212},
 primaryClass = {astro-ph.IM},
       adsurl = {https://ui.adsabs.harvard.edu/abs/2013A&A...558A..33A},
      adsnote = {Provided by the SAO/NASA Astrophysics Data System}
}

@ARTICLE{Kogut:2012,
       author = {{Kogut}, A.},
        title = "{Synchrotron Spectral Curvature from 22 MHz to 23 GHz}",
      journal = {\apj},
     keywords = {radiation mechanisms: non-thermal, radio continuum: general, Astrophysics - Astrophysics of Galaxies},
         year = 2012,
        month = jul,
       volume = {753},
       number = {2},
          eid = {110},
        pages = {110},
          doi = {10.1088/0004-637X/753/2/110},
archivePrefix = {arXiv},
       eprint = {1205.4041},
 primaryClass = {astro-ph.GA},
       adsurl = {https://ui.adsabs.harvard.edu/abs/2012ApJ...753..110K},
      adsnote = {Provided by the SAO/NASA Astrophysics Data System}
}

@ARTICLE{2011MNRAS.418..467R,
       author = {{Remazeilles}, Mathieu and {Delabrouille}, Jacques and {Cardoso}, Jean-Fran{\c{c}}ois},
        title = "{Foreground component separation with generalized Internal Linear Combination}",
      journal = {\mnras},
     keywords = {methods: data analysis, ISM: general, cosmic background radiation, Astrophysics - Cosmology and Nongalactic Astrophysics},
         year = 2011,
        month = nov,
       volume = {418},
       number = {1},
        pages = {467-476},
          doi = {10.1111/j.1365-2966.2011.19497.x},
archivePrefix = {arXiv},
       eprint = {1103.1166},
 primaryClass = {astro-ph.CO},
       adsurl = {https://ui.adsabs.harvard.edu/abs/2011MNRAS.418..467R},
      adsnote = {Provided by the SAO/NASA Astrophysics Data System}
}

@ARTICLE{1996ApJ...464L...5K,
       author = {{Kogut}, A. and {Banday}, A.~J. and {Bennett}, C.~L. and {Gorski}, K.~M. and {Hinshaw}, G. and {Smoot}, G.~F. and {Wright}, E.~I.},
        title = "{Microwave Emission at High Galactic Latitudes in the Four-Year DMR Sky Maps}",
      journal = {\apjl},
     keywords = {COSMOLOGY: COSMIC MICROWAVE BACKGROUND, COSMOLOGY: OBSERVATIONS, GALAXY: GENERAL, ISM: GENERAL, Astrophysics},
         year = 1996,
        month = jun,
       volume = {464},
        pages = {L5},
          doi = {10.1086/310072},
archivePrefix = {arXiv},
       eprint = {astro-ph/9601060},
 primaryClass = {astro-ph},
       adsurl = {https://ui.adsabs.harvard.edu/abs/1996ApJ...464L...5K},
      adsnote = {Provided by the SAO/NASA Astrophysics Data System}
}

@ARTICLE{1997ApJ...486L..23L,
       author = {{Leitch}, E.~M. and {Readhead}, A.~C.~S. and {Pearson}, T.~J. and {Myers}, S.~T.},
        title = "{An Anomalous Component of Galactic Emission}",
      journal = {\apjl},
     keywords = {COSMOLOGY: COSMIC MICROWAVE BACKGROUND, ISM: DUST, EXTINCTION, ISM: H II REGIONS, ISM: SUPERNOVA REMNANTS, Cosmology: Cosmic Microwave Background, ISM: Dust, Extinction, ISM: H II Regions, ISM: Supernova Remnants, Astrophysics},
         year = 1997,
        month = sep,
       volume = {486},
       number = {1},
        pages = {L23-L26},
          doi = {10.1086/310823},
archivePrefix = {arXiv},
       eprint = {astro-ph/9705241},
 primaryClass = {astro-ph},
       adsurl = {https://ui.adsabs.harvard.edu/abs/1997ApJ...486L..23L},
      adsnote = {Provided by the SAO/NASA Astrophysics Data System}
}

@ARTICLE{2022arXiv220108188A,
       author = {{Andersen}, K.~J. and {Herman}, D. and {Aurlien}, R. and {Banerji}, R. and {Basyrov}, A. and {Bersanelli}, M. and {Bertocco}, S. and {Brilenkov}, M. and {Carbone}, M. and {Colombo}, L.~P.~L. and {Eriksen}, H.~K. and {Eskilt}, J.~R. and {Foss}, M.~K. and {Franceschet}, C. and {Fuskeland}, U. and {Galeotta}, S. and {Galloway}, M. and {Gerakakis}, S. and {Gjerl{\o}w}, E. and {Hensley}, B. and {Iacobellis}, M. and {Ieronymaki}, M. and {Ihle}, H.~T. and {Jewell}, J.~B. and {Karakci}, A. and {Keih{\"a}nen}, E. and {Keskitalo}, R. and {Lunde}, J.~G.~S. and {Maggio}, G. and {Maino}, D. and {Maris}, M. and {Mennella}, A. and {Paradiso}, S. and {Partridge}, B. and {Reinecke}, M. and {San}, M. and {Stutzer}, N. -O. and {Suur-Uski}, A. -S. and {Svalheim}, T.~L. and {Tavagnacco}, D. and {Thommesen}, H. and {Watts}, D.~J. and {Wehus}, I.~K. and {Zacchei}, A.},
        title = "{BeyondPlanck XIII. Intensity foreground sampling, degeneracies, and priors}",
      journal = {arXiv e-prints},
     keywords = {Astrophysics - Cosmology and Nongalactic Astrophysics},
         year = 2022,
        month = jan,
          eid = {arXiv:2201.08188},
        pages = {arXiv:2201.08188},
          doi = {10.48550/arXiv.2201.08188},
archivePrefix = {arXiv},
       eprint = {2201.08188},
 primaryClass = {astro-ph.CO},
       adsurl = {https://ui.adsabs.harvard.edu/abs/2022arXiv220108188A},
      adsnote = {Provided by the SAO/NASA Astrophysics Data System}
}

@ARTICLE{2019JOSS....4.1298Z,
       author = {{Zonca}, Andrea and {Singer}, Leo and {Lenz}, Daniel and {Reinecke}, Martin and {Rosset}, Cyrille and {Hivon}, Eric and {Gorski}, Krzysztof},
        title = "{healpy: equal area pixelization and spherical harmonics transforms for data on the sphere in Python}",
      journal = {The Journal of Open Source Software},
     keywords = {C, python, C++, cosmology, Python, astronomy},
         year = 2019,
        month = mar,
       volume = {4},
       number = {35},
          eid = {1298},
        pages = {1298},
          doi = {10.21105/joss.01298},
       adsurl = {https://ui.adsabs.harvard.edu/abs/2019JOSS....4.1298Z},
      adsnote = {Provided by the SAO/NASA Astrophysics Data System}
}

@ARTICLE{2005ApJ...622..759G,
   author = {{G{\'o}rski}, K.~M. and {Hivon}, E. and {Banday}, A.~J. and 
	{Wandelt}, B.~D. and {Hansen}, F.~K. and {Reinecke}, M. and 
	{Bartelmann}, M.},
    title = "{HEALPix: A Framework for High-Resolution Discretization and Fast Analysis of Data Distributed on the Sphere}",
  journal = {\apj},
   eprint = {arXiv:astro-ph/0409513},
 keywords = {Cosmology: Cosmic Microwave Background, Cosmology: Observations, Methods: Statistical},
     year = 2005,
    month = apr,
   volume = 622,
    pages = {759-771},
      doi = {10.1086/427976},
   adsurl = {http://adsabs.harvard.edu/abs/2005ApJ...622..759G},
  adsnote = {Provided by the SAO/NASA Astrophysics Data System}
}