% Refs which are not in ADS

% IMPORTANT: Add references to this file **only** 
% if the reference does not exist on ADS
% otherwise, add it to our ADS library and export a new bibfile

@article{Minkowski1903,
author = {Minkowski, Hermann},
journal = {Mathematische Annalen},
pages = {447-495},
title = {Volumen und Oberfl√§che},
url = {http://eudml.org/doc/158108},
volume = {57},
year = {1903},
}

@book{hadwigerVorlesungenUeberInhalt1957,
	series = {Die {Grundlehren} der mathematischen {Wissenschaften}},
	title = {Vorlesungen ueber {Inhalt}, {Oberflache} und {Isoperimetrie}},
	url = {https://books.google.it/books?id=YiA4tAEACAAJ},
	publisher = {Springer},
	author = {Hadwiger, H.},
	year = {1957},
}

@phdthesis{Arras:2021,
  author       = {Philipp Adam Arras}, 
  title        = {Radio Interferometry with Information Field Theory},
  school       = {Ludwig-Maximilians-Universit\"{a}t M\"{u}nchen},
  type	       = {Doctoral Dissertation},
  year         = 2021
}

% Avoids a second BibTeX entry with the same author:year
@ARTICLE{Draine:1998b,
       author = {{Draine}, B.~T. and {Lazarian}, A.},
        title = "{Electric Dipole Radiation from Spinning Dust Grains}",
      journal = {\apj},
     keywords = {ATOMIC PROCESSES, COSMOLOGY: DIFFUSE RADIATION, ISM: DUST, EXTINCTION, ISM: CLOUDS, PLASMAS, RADIATION MECHANISMS: THERMAL, Atomic Processes, Cosmology: Diffuse Radiation, ISM: Dust, Extinction, ISM: Clouds, Plasmas, Radiation Mechanisms: Thermal, Astrophysics},
         year = 1998,
        month = nov,
       volume = {508},
       number = {1},
        pages = {157-179},
          doi = {10.1086/306387},
archivePrefix = {arXiv},
       eprint = {astro-ph/9802239},
 primaryClass = {astro-ph},
       adsurl = {https://ui.adsabs.harvard.edu/abs/1998ApJ...508..157D},
      adsnote = {Provided by the SAO/NASA Astrophysics Data System}
}